% Optional fields: volume, number, pages, month, note
@ARTICLE{Ditmarsch:2016,
  author = {Hans {van Ditmarsch} and Jan {van Eijck} and Pere Pardo and Rahim Ramezanian and FrancÌ§ois Schwarzentruber},
  title = {Epistemic Protocols for Dynamic Gossip},
  journal = {Journal of Applied Logic},
  year = {2016}
}

% Optional fields: volume, number, pages, month, note
@ARTICLE{Aucher:2014,
  author = {Guillame Aucher and Bastien Maubert and Sophie Pinchinat},
  title = {Automata Techniques for Epistemic Protocol Synthesis},
  journal = {2nd Workshop on Strategic Reasoning},
  year = {2014}
}

@ARTICLE{Maubert:2014, 
  author = {Bastien Maubert and Sophie Pinchinat},
  title = {A General Notion of Uniform Strategies},
  journal = {International Game Theory Review},
  year = {2014}  
}

@ARTICLE{Bolander:2012,
  author = {Thomas Bolander and Mikkel Birkegaard Andersen},
  title = {Epistemic planning for single- and multi-agent systems},
  journal = {Journal of Applied Non-Classical Logics},
  year = {2012}     
}