@Article{Tijdeman:1971,
  author =       {R. Tijdeman},
  title =        {On a telephone problem},
  journal =      {Nieuw Archief voor Wiskunde (3)},
  year =         1971,
  volume =       19,
  pages =        {188 - 192}
}

@Article{TelephoneDisease,
  author =       {A. Hajnal, E. C. Milner and E. Szemere},
  title =        {A cure for the telephone disease},
  journal =      {Canadian Math Bulletin},
  year =         {1972},
  OPTnumber =    {15},
  OPTpages =     {447-450},
}

@Article{GandT,
  author =       {Brenda Baker and Robert Shostak},
  title =        {Gossips and Telephones},
  journal =      {Discrete Mathematics},
  year =         {1972},
  OPTnumber =    {2},
  OPTpages =     {191 - 193},
}

@Article{UndecidabilityEP,
  author =       {Guillaume Aucher and Thomas Bolander},
  title =        {Undecidability in Epistemic Planning},
  journal =      {IJCAI - International Joint Conference in Artificial Intelligence},
  year =         {2013},
  OPTmonth =     {August}
}

@InBook{ConditionalEP,
  author =    {Mikkel Birkegaard Andersen, Thomas Bolander, and Martin Holm Jensen},
  title =        {ConditionalEpistemicPlanning},
  chapter =      {Lecture Notes in Computer Science},
  publisher =    {Springer},
  year =         {2012},
  OPTvolume =    {7519},
  OPTpages =     {94-106},
}

@Article{BolanderEP,
  author =       {Thomas Bolander and Mikkel Birkegaard},
  title =        {Epistemic planning for single- and multi-agent systems},
  journal =      {Journal of Applied Non-Classical Logics},
  year =         {2011},
  OPTpages =     {9 - 34},
}

@Article{DynamicGossip,
  author =       {Hans {van Ditmarsch} and Jan {van Eijck} and Pere Pardo and Rahim Ramezanian and François Schwarzentruber},
  title =        {Dynamic Gossip},
  journal =      {Bulletin of the Iranian Mathematical Society},
  year =         {2018}
}

@Article{EpProforDyGo,
  author =       {Hans {van Ditmarsch} and Jan {van Eijck} and Pere Pardo and Rahim Ramezanian and François Schwarzentruber},
  title =        {Epistemic Protocols for Dynamic Gossip},
  journal =      {Journal of Applied Logic,},
  year =         {2016}
  }

@Article{DiscoverythruGossip,
  author =       {Bernhard Haeupler and Gopal Pandurangan and David Peleg and Rajmohan Rajaraman and Zhifeng Sun},
  title =        {Discovery through Gossip},
  journal =      {Random Structures and Algorithms},
  year =         {2016}
}

@Book{ReasoningAboutKnowledge,
  author =    {Ronald Fagin and Joseph Y. Halpern and Yoram Moses and Moshe Y. Vardi},
  title =        {Reasoning about Knowledge},
  publisher =    {MIT Press},
  year =         {1995},
}

@Article{PAL,
  author =       {Jan Plaza},
  title =        {Logics of Public Communication},
  journal =      {Synthese},
  year =         {2007},
}

@PhdThesis{MalvinThesis,
  author =       {Malvin Gattinger},
  title =        {New Directions in Model Checking Dynamic Epistemic Logic},
  school =       {Institute for Logic, Language and Computation, Universiteit van Amsterdam},
  year =         {2018},
}

@Article{AutomataTechniques,
  author =       {Guillaume Aucher and Bastien Maubert and Sophie Pinchinat},
  title =        {Automata Techniques for Epistemic Protocol Synthesis},
  journal = {Proceedings of the 2nd International Workshop on Strategic Reasoning},
  year =      {2014},
  OPTmonth =     {June},
}

@TechReport{DEMO-S5,
  author =       {Jan {van Eijck}},
  title =        {DEMO-S5},
  institution =  {CWI Amsterdam},
  year =         {2014},
}


@TechReport{EREL,
  author =       {Jan {van Eijck}},
  title =        {EREL},
  institution =  {CWI Amsterdam},
  year =         {2014},
}

@TechReport{DEMO,
  author =       {Jan {van Eijck}},
  title =        {DEMO},
  institution =  {CWI Amsterdam},
  year =         {2007},
}

@TechReport{SMCDEL,
  author =       {Malvin Gattinger},
  title =        {SMCDEL — An Implementation of Symbolic Model Checking for Dynamic Epistemic Logic with Binary Decision Diagrams},
  institution =  {Institute for Logic, Language and Computation, Universiteit van Amsterdam},
  year =         {2018},
}

@Misc{GithubGossip,
    author = {Malvin Gattinger},
    title = {Explicit Epistemic Model Checking for Dynamic Gossip},
    year = {2018},
    url = {https://github.com/m4lvin/gossip},
    note = {Online; accessed 7-April-2019}
  }

@Misc{HaskellFST,
    author = {John J. Camilleri},
    title = {fst},
    year = {2015},
    url = {https://hackage.haskell.org/package/fst},
    note = {Online; accessed 15-April-2019}
}

@Misc{HaskellMachines,
    author = {Edward Kmett},
    title = {machines},
    year = {2018},
    url = {https://hackage.haskell.org/package/machines},
    note = {Online; accessed 15-April-2019}
}

@article{KnowledgeandGossip,
author = {Attamah, M and Ditmarsch, Hans and Grossi, D and Hoek, Wiebe},
year = {2014},
month = {01},
pages = {21-26},
title = {Knowledge and gossip},
volume = {263},
journal = {Frontiers in Artificial Intelligence and Applications},
doi = {10.3233/978-1-61499-419-0-21}
}

@article{EPfDG,
author = {R. Apt, Krzysztof and Grossi, Davide and Hoek, Wiebe},
year = {2016},
month = {06},
pages = {51-66},
title = {Epistemic Protocols for Distributed Gossiping},
volume = {215},
journal = {Electronic Proceedings in Theoretical Computer Science},
doi = {10.4204/EPTCS.215.5}
}

@Article{DecidabilityEp,
  author =       {Quan Yu and Ximing Wen and Yongmei Liu},
  title =        {Multi-Agent Epistemic Explanatory Diagnosis via Reasoning about Actions},
  journal =      {Proceedings of the Twenty-Third International Joint Conference on Artificial Intelligence},
  year =         {2013},
  OPTpages =     {1183-1190},
}

@Article{SymbolicModelChecking,
  author =       {J. R. Burch and E. M. Clarke and K. L McMillan and D. L. Dill and L. J. Hwang},
  title =        {Symbolic Model Checking: $10^{20}$ states and beyond},
  journal =      {Information and Computation},
  year =         {1992},
  OPTvolume =    {98},
  OPTnumber =    {142-170},
}

@Article{UniformStrategies,
  author =       {Bastien Maubert and Sophie Pinchinat},
  title =        {A General Notion of Uniform Strategies},
  journal =      {International Game Theory Review},
  year =         {2014},
  OPTmonth =     {March},
}

@Misc{ModalLogic,
  author =    {James Garson},
  title =     {Modal Logic},
  howpublished = {The Stanford Encyclopedia of Philosophy},
  month =     {Autumn},
  year =      {2018},
  url =       {https://plato.stanford.edu/archives/fall2018/entries/logic-modal/},
  note =      {Online; Accessed 11/04/19},
}

@Article{ComposingFSTs,
  author =       {Arturo Argueta and David Chiang},
  title =        {Composing Finite State Transducers on GPUs},
  journal =      {Association for Computational Linguistics},
  year =         {2018},
  volume =    {58},
}

@Book{PlanningBook,
  author =    {Malik Ghallab and Dana Nau and Paolo Traverso},
  title =        {Automated Planning and Acting},
  publisher =    {Cambridge University Press},
  year =         {2004},
}

@Article{Prisoners,
  author =       {Hans {van Ditmarsch} and Jan {van Eicjk} and William Wu},
  title =        {One Hundred Prisoners and a Lightbulb — Logic and Computation},
  journal =      {Proceedings of the Twelfth International Conference on the Principles of Knowledge Representation and Reasoning },
  year =         {2010},
}

